@article{jia2021proof,
  title={Proof of Learning: Definitions and Practice},
  author={Jia, Hengrui and Yaghini, Mohammad and Choquette-Choo, Christopher A and Dullerud, Natalie and Thudi, Anvith and Chandrasekaran, Varun and Papernot, Nicolas},
  journal={IEEE Symposium on Security and Privacy},
  year={2021}
}

@article{zkml2023,
  title={Zero-Knowledge Machine Learning: A Survey},
  author={Zhang, Tianyi and Feng, Ye and Chen, Zhihao},
  journal={arXiv preprint arXiv:2303.09101},
  year={2023}
}

@inproceedings{tee2022,
  title={Trusted Execution Environments for Machine Learning Applications},
  author={Kumar, Sanjeev and Chen, Wei and Liu, Ming},
  booktitle={Conference on Secure and Trustworthy Machine Learning},
  year={2022}
}

@article{bittensor2023,
  title={Bittensor: A Decentralized Machine Learning Network},
  author={Rao, Yuma and Tang, Haibin},
  journal={arXiv preprint},
  year={2023}
}

@misc{drand2020,
  title={drand: Distributed Randomness Beacon},
  author={League of Entropy},
  howpublished={\url{https://drand.love}},
  year={2020}
}

@book{goldreich2001,
  title={Foundations of Cryptography: Basic Tools},
  author={Goldreich, Oded},
  publisher={Cambridge University Press},
  year={2001}
}

@article{micciancio2002,
  title={The Hardness of the Closest Vector Problem with Preprocessing},
  author={Micciancio, Daniele},
  journal={IEEE Transactions on Information Theory},
  volume={48},
  number={3},
  pages={621--632},
  year={2002}
}